%%
% 参考文献
% 参考文献是毕业设计(论文)不可缺少的组成部分,它反映毕业设计(论文)的取材来源、材料的广博程度和材料的可靠程度,也是作者对他人知识成果的承认和尊重。一份完整的参考文献可向读者提供一份有价值的信息资料,列入的文献应在 10 篇以上,其中外文文献在 2 篇以上。
%%

@article{ref1,
  title={Gradient-based learning applied to document recognition},
  author={LeCun, Yann and Bottou, L{\'e}on and Bengio, Yoshua and et al.},
  journal={Proc. IEEE},
  volume={86},
  number={11},
  pages={2278--2324},
  year={1998}
}

@book{ref2,
  title={图书馆目录},
  author={刘国钧 and 陈绍业 and 王凤翥},
  publisher={高等教育出版社},
  year={1957},
  pages={15--18}
}

@inproceedings{ref3,
  title={Tiled convolutional neural networks},
  author={Ngiam, Jiquan and Chen, Zhenghao and Chia, David and et al.},
  booktitle={Advances in Neural Information Processing Systems},
  pages={1279--1287},
  year={2010}
}

@thesis{ref4,
  title={基于多特征数据融合的离线中文笔迹鉴别研究},
  author={田露},
  year={2011},
  school={河南大学},
}

@thesis{ref5,
  title={笔迹鉴别方法研究},
  author={张慧档},
  year={2002},
  school={郑州大学},
}

@thesis{ref6,
  title={图像处理技术在笔迹鉴定系统开发过程中的应用与研究},
  author={梁亮},
  year={2007},
  school={沈阳工业大学},
}

@thesis{ref7,
  title={基于卷积神经网络的深度学习算法与应用研究},
  author={陈先昌},
  year={2014},
  school={浙江工商大学},
}

@thesis{ref8,
  title={基于CNN的字符识别方法研究},
  author={王强},
  year={2014},
  school={天津师范大学},
}

@patent{ref9,
  title={一种温热外敷药制备方案},
  author={姜锡洲},
  year={1989},
  number={881056073},
  country={中国},
}

@standard{ref10,
  title={汉语拼音正词法基本规则},
  year={1996},
  organization={中国国家标准},
}

@article{ref11,
  title={创造学习的新思路},
  author={谢希德},
  journal={人民日报},
  pages={10},
  year={1998},
  month={12},
  day={25},
}

@report{ref12,
  title={核反应堆压力管道和压力容器的LBB分析},
  author={冯西桥},
  institution={清华大学核能技术设计研究院},
year={1997},
type={Techreport}
}

@misc{ref13,
  title        = {关于中国学术期刊标准化数据库系统工程的进展},
  author       = {王明亮},
  year         = {1998},
  howpublished = {\url{http://www.cajcd.edu.cn/pub/wml.txt/980810-2.html}},
  note         = {Accessed: 1998-10-04}
}

@inproceedings{ref14,
  title     = {Imagenet classification with deep convolutional neural networks},
  author    = {Krizhevsky, Alex and Sutskever, Ilya and Hinton, Geoffrey E.},
  booktitle = {Advances in neural information processing systems},
  year      = {2012},
  pages     = {1097-1105}
}

@incollection{ref15,
  title     = {Visualizing and understanding convolutional networks},
  author    = {Zeiler, Matthew D. and Fergus, Rob},
  booktitle = {Computer Vision--ECCV 2014},
  year      = {2014},
  publisher = {Springer International Publishing},
  pages     = {818-833}
}

@inproceedings{ref16,
  title     = {Deconvolutional networks},
  author    = {Zeiler, Matthew D. and Krishnan, Dilip and Taylor, Graham W. and Fergus, Rob},
  booktitle = {Proc. CVPR},
  year      = {2010},
  pages     = {2528-2535}
}